@book{GesellschaftfurInformatik.2010,
 year = {2010},
 title = {Informatik 2010: Service Science - neue Perspektiven für die Informatik ; 40. Jahrestagung der Gesellschaft für Informatik e.V. (GI), 27.9. bis 1.10.2010, Universität Leipzig},
 address = {Bonn},
 volume = {175/177, CD-ROM},
 publisher = {{Ges. für Informatik}},
 isbn = {978-3-88579-270-3},
 series = {GI-Edition lecture notes in informatics P, Proceedings}
}


@misc{Fielding.2008,
 author = {Fielding, Roy Thomas},
 year = {2008},
 title = {REST APIs must be hypertext-driven},
 url = {http://roy.gbiv.com/untangled/2008/rest-apis-must-be-hypertext-driven},
 urldate = {2018-07-16}
}

@article{Nguyen.2017,
 author = {Nguyen, Hoai Viet and {Lo Iacono}, Luigi},
 year = {2017},
 title = {Sicherheit für REST-basierte Systeme},
 pages = {99--103},
 volume = {41},
 number = {2},
 issn = {1614-0702},
 journal = {Datenschutz und Datensicherheit - DuD}
}

